<?xml version="1.0" encoding="UTF-8"?><collection xmlns="http://www.loc.gov/MARC21/slim"><record><leader>00436nam--2200145-i-4500</leader><controlfield tag="001">000031015</controlfield><controlfield tag="002">20161230</controlfield><controlfield tag="005">20161230201038</controlfield><controlfield tag="008">060222s1000------------r-----000-0-eng-d</controlfield><datafield ind1=" " ind2=" " tag="080"><subfield code="a">47</subfield></datafield><datafield ind1=" " ind2=" " tag="100"><subfield code="a">Lo, Arthur W., Endres, R./S.A.</subfield></datafield><datafield ind1=" " ind2=" " tag="245"><subfield code="a">Transistor electronics.3-d and 4-th printing</subfield></datafield><datafield ind1=" " ind2=" " tag="260"><subfield code="a">Englewood Cliffs, Prentice-hall, 1956/1957/. Xii+521p. Cu Fig</subfield></datafield><datafield ind1=" " ind2=" " tag="490"><subfield code="a">Preantice Hall Electrical Engineering Serie</subfield></datafield><datafield ind1=" " ind2=" " tag="852"><subfield code="a">12755</subfield></datafield></record></collection>